@article{elnaggar2014comparative,
  title={A comparative study of game tree searching methods},
  author={Elnaggar, Ahmed A and Abdel, M and Gadallah, Mahmoud and El-Deeb, Hesham},
  journal={Int. J. Adv. Comput. Sci. Appl.},
  volume={5},
  number={5},
  pages={68--77},
  year={2014}
}

@article{rezaie1992comparison,
  title={A comparison of some parallel game-tree search algorithms},
  author={Rezaie, Jaleh and Finkel, Raphael},
  year={1992},
  publisher={Citeseer}
}

@article{buro1997evaluation,
  title={An evaluation function for othello based on statistics},
  author={Buro, Michael},
  journal={Technical Report 31, NEC Research Institute},
  year={1997},
  publisher={Citeseer}
}

@article{korf1996best,
  title={Best-first minimax search},
  author={Korf, Richard E and Chickering, David Maxwell},
  journal={Artificial intelligence},
  volume={84},
  number={1},
  pages={299--337},
  year={1996},
  publisher={Elsevier}
}

@misc{citation-0,
  title={CS 221 Othello Report Demosthenes},
  author={Do, Chuong and Sanders Chong, Mark Tong and Hui, Anthony},
  publisher={Stanford University}
}

@article{lee1990development,
  title={The development of a world class Othello program},
  author={Lee, Kai-Fu and Mahajan, Sanjoy},
  journal={Artificial Intelligence},
  volume={43},
  number={1},
  pages={21--36},
  year={1990},
  publisher={Elsevier}
}

@inproceedings{borovska2007efficiency,
  title={Efficiency of parallel minimax algorithm for game tree search},
  author={Borovska, Plamenka and Lazarova, Milena},
  booktitle={Proceedings of the 2007 international conference on Computer systems and technologies},
  pages={14},
  year={2007},
  organization={ACM}
}

@phdthesis{feldmann1993game,
  title={Game tree search on massively parallel systems},
  author={Feldmann, Rainer},
  year={1993},
  school={Citeseer}
}

@article{chen2010applications,
  title={Applications of Artificial Intelligence and Machine Learning in Othello},
  author={Chen, Jack},
  journal={Computer Systems Lab at Thomas Jefferson High School of Science \& Technology},
  year={2010}
}

@mastersthesis{rasmussen2004parallel,
  title={Parallel chess searching and bitboards},
  author={Rasmussen, David},
  year={2004},
  school={Technical University of Denmark, DTU, DK-2800 Kgs. Lyngby, Denmark}
}
